@article{krause2006,
  title={A comparison of Nash equilibria analysis and agent-based modelling for power markets},
  author={Krause, Thilo and Beck, Elena Vdovina and Cherkaoui, Rachid and Germond, Alain and Andersson, Goran and Ernst, Damien},
  journal={International Journal of Electrical Power \& Energy Systems},
  volume={28},
  number={9},
  pages={599--607},
  year={2006},
  publisher={Elsevier}
}
  
  @article{sweeting2007,
  title={Market power in the England and Wales wholesale electricity market 1995--2000*},
  author={Sweeting, Andrew},
  journal={The Economic Journal},
  volume={117},
  number={520},
  pages={654--685},
  year={2007},
  publisher={Wiley Online Library}
}

@article{weidlich2008,
  title={A critical survey of agent-based wholesale electricity market models},
  author={Weidlich, Anke and Veit, Daniel},
  journal={Energy Economics},
  volume={30},
  number={4},
  pages={1728--1759},
  year={2008},
  publisher={Elsevier}
}

@article{wolfram1999,
  title={Measuring duopoly power in the British electricity spot market},
  author={Wolfram, Catherine D},
  journal={American Economic Review},
  pages={805--826},
  year={1999},
  publisher={JSTOR}
}

@article{day2002,
  title={Oligopolistic competition in power networks: a conjectured supply function approach},
  author={Day, Christopher J and Hobbs, Benjamin F and Pang, Jong-Shi},
  journal={Power Systems, IEEE Transactions on},
  volume={17},
  number={3},
  pages={597--607},
  year={2002},
  publisher={IEEE}
}

@article{connolly2010,
  title={A review of computer tools for analysing the integration of renewable energy into various energy systems},
  author={Connolly, David and Lund, Henrik and Mathiesen, Brian Vad and Leahy, Martin},
  journal={Applied Energy},
  volume={87},
  number={4},
  pages={1059--1082},
  year={2010},
  publisher={Elsevier}
}

@article{kwapien2012,
  title={Physical approach to complex systems},
  author={Kwapie{\'n}, Jaros{\l}aw and Dro{\.z}d{\.z}, Stanis{\l}aw},
  journal={Physics Reports},
  volume={515},
  number={3},
  pages={115--226},
  year={2012},
  publisher={Elsevier}
}

@article{jackson2010,
  title={Improving energy efficiency and smart grid program analysis with agent-based end-use forecasting models},
  author={Jackson, Jerry},
  journal={Energy Policy},
  volume={38},
  number={7},
  pages={3771--3780},
  year={2010},
  publisher={Elsevier}
}

@article{yao2008,
  title={Modeling and computing two-settlement oligopolistic equilibrium in a congested electricity network},
  author={Yao, Jian and Adler, Ilan and Oren, Shmuel S},
  journal={Operations Research},
  volume={56},
  number={1},
  pages={34--47},
  year={2008},
  publisher={INFORMS}
}

@article{neuhoff2005,
  title={Network-constrained Cournot models of liberalized electricity markets: the devil is in the details},
  author={Neuhoff, Karsten and Barquin, Julian and Boots, Maroeska G and Ehrenmann, Andreas and Hobbs, Benjamin F and Rijkers, Fieke AM and Vazquez, Miguel},
  journal={Energy Economics},
  volume={27},
  number={3},
  pages={495--525},
  year={2005},
  publisher={Elsevier}
}

@book{sandoval2004,
  title={Monograf{\'\i}a del sector de electricidad y gas colombiano: condiciones actuales y retos futuros},
  author={Sandoval, Ana Mar{\'\i}a and others},
  year={2004},
  publisher={DNP.}
}

@article{borenstein1999,
  title={Market power in electricity markets: beyond concentration measures},
  author={Borenstein, Severin and Bushnell, James and Knittel, Christopher R},
  journal={The Energy Journal},
  pages={65--88},
  year={1999},
  publisher={JSTOR}
}

@article{yousefi2011,
  title={Optimal real time pricing in an agent-based retail market using a comprehensive demand response model},
  author={Yousefi, Shaghayegh and Moghaddam, Mohsen Parsa and Majd, Vahid Johari},
  journal={Energy},
  volume={36},
  number={9},
  pages={5716--5727},
  year={2011},
  publisher={Elsevier}
}


@article{stoft2002,
  title={Power system economics},
  author={Stoft, Steven},
  journal={Journal of Energy Literature},
  volume={8},
  pages={94--99},
  year={2002},
  publisher={THE OXFORD INSTITUTE FOR ENERGY STUDIES}
}


@inproceedings{du2001,
  title={Distributed model predictive control for large-scale systems},
  author={Du, Xiaoning and Xi, Yugeng and Li, Shaoyuan},
  booktitle={American Control Conference, 2001. Proceedings of the 2001},
  volume={4},
  pages={3142--3143},
  year={2001},
  organization={IEEE}
}


@article{nanduri2009,
  title={A survey of critical research areas in the energy segment of restructured electric power markets},
  author={Nanduri, Vishnu and Das, Tapas K},
  journal={International Journal of Electrical Power \& Energy Systems},
  volume={31},
  number={5},
  pages={181--191},
  year={2009},
  publisher={Elsevier}
}


@inproceedings{yu2010,
  title={Financial risk management in restructured wholesale power markets: Concepts and tools},
  author={Yu, Nanpeng and Somani, Abhishek and Tesfatsion, Leigh},
  booktitle={Power and Energy Society General Meeting, 2010 IEEE},
  pages={1--8},
  year={2010},
  organization={IEEE}
}


@article{zhou2007,
  title={Agent-based simulation of electricity markets: a survey of tools},
  author={Zhou, Zhi and Chan, Wai Kin Victor and Chow, Joe H},
  journal={Artificial Intelligence Review},
  volume={28},
  number={4},
  pages={305--342},
  year={2007},
  publisher={Springer}
}


@article{wiszniewska2008,
  title={Stock market as a dynamic game with continuum of players},
  author={Wiszniewska-Matyszkiel, Agnieszka and others},
  journal={Control and Cybernetics},
  volume={37},
  number={3},
  pages={617--647},
  year={2008},
  publisher={Systems Research Institute Polish Academy of Sciences}
}


@article{ambagaspitiya1994,
  title={On the compound generalized Poisson distributions},
  author={Ambagaspitiya, Rohana S and Balakrishnan, N},
  journal={Astin Bulletin},
  volume={24},
  number={02},
  pages={255--263},
  year={1994},
  publisher={Cambridge Univ Press}
}


@inproceedings{gnansounou2004,
  title={Market oriented planning of power generation expansion using agent-based model},
  author={Gnansounou, Edgard and Dong, Jun and Pierre, Samuel and Quintero, Alejandro},
  booktitle={Power Systems Conference and Exposition, 2004. IEEE PES},
  pages={1306--1311},
  year={2004},
  organization={IEEE}
}


@article{hurtado2006,
  title={Estado de la cuesti{\'o}n acerca del uso de la l{\'o}gica difusa en problemas financieros},
  author={Hurtado, Santiago Medina},
  journal={Cuadernos de administraci{\'o}n},
  volume={19},
  number={32},
  pages={195--223},
  year={2006},
  publisher={Pontificia Universidad Javeriana}
}


@article{medina2007,
  title={Risk evaluation in Colombian electricity market using fuzzy logic},
  author={Medina, Santiago and Moreno, Julian},
  journal={Energy Economics},
  volume={29},
  number={5},
  pages={999--1009},
  year={2007},
  publisher={Elsevier}
}


@article{apt2004,
  title={Electrical blackouts: A systemic problem},
  author={Apt, Jay and Lave, Lester B and Talukdar, Sarosh and Morgan, M Granger and Ilic, Marija},
  journal={Issues in Science and Technology},
  volume={20},
  number={4},
  pages={55--61},
  year={2004},
  publisher={Wiley-Blackwell}
}


@article{lebaron2005,
  title={Agent-based computational finance. Handbook of Computational Economics, Volume 2: agent-based computational economics},
  author={LeBaron, B},
  journal={Elsevier, AmsterdamLux T, Marchesi M (2000) Volatility clustering in financial markets: A micro-simulation of interacting agents. Int J Theor Appl Finance},
  volume={3},
  pages={675702Nagakura},
  year={2005}
}


@article{young2014,
  title={Can agent-based models forecast spot prices in electricity markets? Evidence from the New Zealand electricity market},
  author={Young, David and Poletti, Stephen and Browne, Oliver},
  journal={Energy Economics},
  volume={45},
  pages={419--434},
  year={2014},
  publisher={Elsevier}
}


@article{tremblay2011,
  title={The Cournot--Bertrand model and the degree of product differentiation},
  author={Tremblay, Carol Horton and Tremblay, Victor J},
  journal={Economics Letters},
  volume={111},
  number={3},
  pages={233--235},
  year={2011},
  publisher={Elsevier}
}


@article{pakes2015,
  title={Methodological Issues in Analyzing Market Dynamics},
  author={Pakes, Ariel},
  year={2015}
}


@article{de1991,
  title={Constituci{\'o}n pol{\'\i}tica de Colombia},
  author={De Colombia, Constituci{\'o}n Pol{\'\i}tica},
  journal={Bogot{\'a}, Colombia: Leyer},
  year={1991}
}


@phdthesis{kuznetsova2014,
  title={Microgrid agent-based modelling and optimization under uncertainty},
  author={Kuznetsova, Elizaveta},
  year={2014},
  school={Universit{\'e} de Versailles Saint-Quentin-en-Yvelines}
}


@book{sole2009,
  title={Orden y caos en sistemas complejos: aplicaciones},
  author={Sol{\'e}, Ricardo Vicente and Manrubia, Susanna C},
  volume={2},
  year={2009},
  publisher={Univ. Polit{\`e}c. de Catalunya}
}


@book{boccara2010,
  title={Modeling complex systems},
  author={Boccara, Nino},
  year={2010},
  publisher={Springer Science \& Business Media}
}


@article{tumminello2005,
  title={A tool for filtering information in complex systems},
  author={Tumminello, Michele and Aste, Tomaso and Di Matteo, Tiziana and Mantegna, Rosario N},
  journal={Proceedings of the National Academy of Sciences of the United States of America},
  volume={102},
  number={30},
  pages={10421--10426},
  year={2005},
  publisher={National Acad Sciences}
}


@article{levy1994,
  title={Chaos theory and strategy: Theory, application and managerial implications},
  author={Levy, David},
  journal={Strategic management journal},
  volume={15},
  pages={167--167},
  year={1994},
  publisher={JSTOR}
}


@article{tesfatsion2003,
  title={Agent-based computational economics: modeling economies as complex adaptive systems},
  author={Tesfatsion, Leigh},
  journal={Information Sciences},
  volume={149},
  number={4},
  pages={262--268},
  year={2003},
  publisher={Elsevier}
}


@article{yang2015,
  title={Complexity Study of the Credit Risk of a Business Group},
  author={Yang, Yang and Gu, Jing and Zhou, Zongfang},
  journal={Discrete Dynamics in Nature and Society},
  volume={2015},
  year={2015},
  publisher={Hindawi Publishing Corporation}
}


@article{jiang2014,
  title={Structure of local interactions in complex financial dynamics},
  author={Jiang, XF and Chen, TT and Zheng, B},
  journal={Scientific reports},
  volume={4},
  year={2014},
  publisher={Nature Publishing Group}
}


@article{fischer2014,
  title={Prices, debt and market structure in an agent-based model of the financial market},
  author={Fischer, Thomas and Riedler, Jesper},
  journal={Journal of Economic Dynamics and Control},
  volume={48},
  pages={95--120},
  year={2014},
  publisher={Elsevier}
}	


@article{costa2007,
  title={Characterization of complex networks: A survey of measurements},
  author={Costa, L da F and Rodrigues, Francisco A and Travieso, Gonzalo and Villas Boas, Paulino Ribeiro},
  journal={Advances in Physics},
  volume={56},
  number={1},
  pages={167--242},
  year={2007},
  publisher={Taylor \& Francis}
}


@article{newman2003,
  title={The structure and function of complex networks},
  author={Newman, Mark EJ},
  journal={SIAM review},
  volume={45},
  number={2},
  pages={167--256},
  year={2003},
  publisher={SIAM}
}


@article{humphrey2004,
  title={Alfred Marshall and the quantity theory of money},
  author={Humphrey, Thomas M},
  year={2004},
  publisher={FRB Richmond Working Paper}
}


@article{greenspan2007,
  title={The age of turbulence: adventures in a new world},
  author={Greenspan, Alan},
  journal={Finance and Development-English Edition},
  volume={44},
  number={4},
  pages={49},
  year={2007},
  publisher={[Washington, DC: International Monetary Fund], 1968-}
}


@article{malkiel1970,
  title={Efficient capital markets: A review of theory and empirical work},
  author={Malkiel, Burton G and Fama, Eugene F},
  journal={The journal of Finance},
  volume={25},
  number={2},
  pages={383--417},
  year={1970},
  publisher={Wiley Online Library}
}


@article{wiszniewska2008,
  title={Stock market as a dynamic game with continuum of players},
  author={Wiszniewska-Matyszkiel, Agnieszka and others},
  journal={Control and Cybernetics},
  volume={37},
  number={3},
  pages={617--647},
  year={2008},
  publisher={Systems Research Institute Polish Academy of Sciences}
}


@article{ambagaspitiya1994,
  title={On the compound generalized Poisson distributions},
  author={Ambagaspitiya, Rohana S and Balakrishnan, N},
  journal={Astin Bulletin},
  volume={24},
  number={02},
  pages={255--263},
  year={1994},
  publisher={Cambridge Univ Press}
}


@inproceedings{buttler2013,
  title={Nash equilibria in normal games via optimization methods},
  author={Buttler, Jens and Akchurina, Natalia},
  booktitle={Control Conference (ECC), 2013 European},
  pages={724--729},
  year={2013},
  organization={IEEE}
}


@article{wolfram1999,
  title={Measuring duopoly power in the British electricity spot market},
  author={Wolfram, Catherine D},
  journal={American Economic Review},
  pages={805--826},
  year={1999},
  publisher={JSTOR}
}


@article{alos2003,
  title={The Stock Market Game and the Kelly Nash Equilibrium},
  author={Alos-Ferrer, Carlos and Ania, Ana},
  journal={Department of Economics Discussion Paper, University of Vienna, forthcoming in Journal of Mathematical Economics},
  year={2003}
}


@article{day2002,
  title={Oligopolistic competition in power networks: a conjectured supply function approach},
  author={Day, Christopher J and Hobbs, Benjamin F and Pang, Jong-Shi},
  journal={Power Systems, IEEE Transactions on},
  volume={17},
  number={3},
  pages={597--607},
  year={2002},
  publisher={IEEE}
}


@article{camerer2015,
  title={Behavioral Game Theory, Experiments and Modeling},
  author={Camerer, Colin F and Ho, Teck-Hua and others},
  journal={Handbook of Game Theory},
  volume={4},
  year={2015}
}


@article{dekel2014,
  title={Epistemic game theory},
  author={Dekel, Eddie and Siniscalchi, Marciano and others},
  journal={Handbook of Game Theory},
  volume={4},
  year={2014}
}


@inproceedings{gatti2013,
  title={Algorithms for Strong Nash Equilibrium with More than Two Agents.},
  author={Gatti, Nicola and Rocco, Marco and Sandholm, Tuomas},
  booktitle={AAAI},
  year={2013}
}


@article{cachon2004,
  title={Game theory in supply chain analysis. Handbook of Quantitative Supply Chain Analysis: Modeling in the eBusiness Era. edited by D. Simchi-Levi, S},
  author={Cachon, G and Netessine, S},
  journal={Wu and Z. Shen. Kluwer},
  year={2004}
}


@misc{gibbons1997,
  title={An introduction to applicable game theory},
  author={Gibbons, Robert S},
  year={1997},
  publisher={National Bureau of Economic Research Cambridge, Mass., USA}
}


@phdthesis{von2009,
  title={Numerical methods for the solution of the generalized Nash equilibrium problem},
  author={von Heusinger, Anna},
  year={2009},
  school={Kyoto University}
}


@article{kwapien2012,
  title={Physical approach to complex systems},
  author={Kwapie{\'n}, Jaros{\l}aw and Dro{\.z}d{\.z}, Stanis{\l}aw},
  journal={Physics Reports},
  volume={515},
  number={3},
  pages={115--226},
  year={2012},
  publisher={Elsevier}
}


@article{mockus2012,
  title={On simulation of the nash equilibrium in the stock exchange contest},
  author={Mockus, Jonas},
  journal={Informatica},
  volume={23},
  number={1},
  pages={77--104},
  year={2012},
  publisher={Vilnius University Institute of Mathematics and Informatics}
}


@article{malandrino2015,
  title={A game-theory analysis of charging stations selection by EV drivers},
  author={Malandrino, Francesco and Casetti, Claudio and Chiasserini, Carla-Fabiana and Reineri, Massimo},
  journal={Performance Evaluation},
  volume={83},
  pages={16--31},
  year={2015},
  publisher={Elsevier}
}


@article{cure2009,
  title={Juego ficticio para resolver un juego de demanda din{\'a}mica en una cadena de abastecimiento de dos niveles con toma de decisi{\'o}n en un nivel.},
  author={Cure Vellojin, Laila and others},
  year={2009},
  publisher={Maestr{\'\i}a en Ingenier{\'\i}a Industrial}
}


@article{li2013,
  title={Solving a Class of Generalized Nash Equilibrium Problems},
  author={LI, Peiyu and LIN, Guihua},
  journal={Journal of Mathematical Research with Applications},
  volume={33},
  number={3},
  pages={372--378},
  year={2013}
}


@article{rassenti2000,
  title={Adaptation and convergence of behavior in repeated experimental Cournot games},
  author={Rassenti, Stephen and Reynolds, Stanley S and Smith, Vernon L and Szidarovszky, Ferenc},
  journal={Journal of Economic Behavior \& Organization},
  volume={41},
  number={2},
  pages={117--146},
  year={2000},
  publisher={Elsevier}
}


@inproceedings{sandholm2005,
  title={Mixed-integer programming methods for finding Nash equilibria},
  author={Sandholm, Tuomas and Gilpin, Andrew and Conitzer, Vincent},
  booktitle={Proceedings of the National Conference on Artificial Intelligence},
  volume={20},
  number={2},
  pages={495},
  year={2005},
  organization={Menlo Park, CA; Cambridge, MA; London; AAAI Press; MIT Press; 1999}
}


@article{borenstein1999,
  title={Market power in electricity markets: beyond concentration measures},
  author={Borenstein, Severin and Bushnell, James and Knittel, Christopher R},
  journal={The Energy Journal},
  pages={65--88},
  year={1999},
  publisher={JSTOR}
}


@article{stoft2002,
  title={Power system economics},
  author={Stoft, Steven},
  journal={Journal of Energy Literature},
  volume={8},
  pages={94--99},
  year={2002},
  publisher={THE OXFORD INSTITUTE FOR ENERGY STUDIES}
}


@book{agarwal2012,
  title={Noncooperative games for autonomous consumer load balancing over smart grid},
  author={Agarwal, Tarun and Cui, Shuguang},
  year={2012},
  publisher={Springer}
}


@book{vanderbei2014,
  title={Linear programming},
  author={Vanderbei, Robert J},
  year={2014},
  publisher={Springer}
}


@book{neumann1947,
  title={Theory of games and economic behavior},
  author={Neumann, Ludwig Johann and Morgenstern, Oskar},
  volume={60},
  year={1947},
  publisher={Princeton university press Princeton}
}


@inproceedings{tushar2013,
  title={Prioritizing consumers in smart grid: Energy management using game theory},
  author={Tushar, Wayes and Zhang, Jian A and Smith, David B and Thiebaux, Sylvie and Poor, H Vincent},
  booktitle={Communications (ICC), 2013 IEEE International Conference on},
  pages={4239--4243},
  year={2013},
  organization={IEEE}
}


@article{xiao2015,
  title={A new methodology for multi-objective multidisciplinary design optimization problems based on game theory},
  author={Xiao, Mi and Shao, Xinyu and Gao, Liang and Luo, Zhen},
  journal={Expert Systems with Applications},
  volume={42},
  number={3},
  pages={1602--1612},
  year={2015},
  publisher={Elsevier}
}

@article{stavridou1989,
  title={Physical phenomena--chemical phenomena: do pupils make the distinction?},
  author={Stavridou*, Heleni and Solomonidou?, Christina},
  journal={International Journal of Science Education},
  volume={11},
  number={1},
  pages={83--92},
  year={1989},
  publisher={Taylor \& Francis}
}


@book{Aguilar2004,
  title={Una visi{\'o}n al mercado el{\'e}ctrico colombiano},
  author={Aguilar, Argemiro and D{\'i}az, Javier},
  year={2004},
  publisher={Unidad de Planeaci{\'o}n minero energ{\'e}tica}
}

@book{Congreso2013,
  title={Energ{\'i}a El{\'e}ctrica ? Memorias del congreso de la rep{\'u}blica},
  author={Ministerio de Minas},
  year={2013},
  publisher={Rep{\'u}blica de Colombia}
}


@book{Wyman2011,
  title={Dinamic Financial ? planning Global Risk and Trading},
  author={O Wyman},
  year={2011},
  publisher={Marsh and McLennan Company}
}





  
  
  
  
  
  